<?xml version="1.0" encoding="UTF-8"?><collection xmlns="http://www.loc.gov/MARC21/slim"><record><leader>00463nam--2200169-i-4500</leader><controlfield tag="001">000029291</controlfield><controlfield tag="002">20161230</controlfield><controlfield tag="005">20161230201037</controlfield><controlfield tag="008">060222s1000------------r-----000-0-rus-d</controlfield><datafield ind1=" " ind2=" " tag="040"><subfield code="a">IFIN-HH</subfield></datafield><datafield ind1=" " ind2=" " tag="041"><subfield code="a">rus</subfield></datafield><datafield ind1=" " ind2=" " tag="080"><subfield code="a">533.275</subfield></datafield><datafield ind1="1" ind2=" " tag="110"><subfield code="a">Akademia Nauk SSSR</subfield></datafield><datafield ind1="1" ind2="0" tag="245"><subfield code="a">Svoistva vlajnogo vozduha pri davleniah 500-1000 mm rt. st. tabliti i diagrami</subfield></datafield><datafield ind1=" " ind2=" " tag="260"><subfield code="a">Moskva</subfield><subfield code="b">G N-t I Litaraturi</subfield><subfield code="c">1963</subfield></datafield><datafield ind1=" " ind2=" " tag="852"><subfield code="a">8895</subfield><subfield code="c">53.081</subfield></datafield><datafield ind1=" " ind2=" " tag="CAT"><subfield code="a">Sys</subfield><subfield code="c">20151030</subfield><subfield code="h">115526</subfield></datafield></record></collection>